%%Livro
@BOOK{Rao,
	AUTHOR =       "Rajesh P. N. Rao",
	TITLE =        "{Brain-Computer Interfacing}",
	SUBTITLE=		"{An Introduction}",
	PUBLISHER =    "Cambridge University Press",
	YEAR =         "2013",
	edition =      "1",
	address=		"New York",
}
@BOOK{PMTM,
	title={Multitaper Power Spectrum Estimation},
	author={Wim van Drongelen},
	year={2014},
	URL={https://pdfs.semanticscholar.org/752d/1a551b96559458064323eb3de7faaaef4c4e.pdf},
}
@BOOK{EEGPrinciple,
	author        = "{Robert Plonsey, Jaako Malmivuo}",
	title         = "{Bioelectromagnetism}",
	publisher     = "Johns Hopkins University Press",
	year          = "1995",
	subtitle 	  = "{Principles and Applications of Bioelectric and Biomagnetic Fields}",
	address 	  = "New York",
}
@BOOK{Haykin2008,
	author		  = "{Simon Haykin}",
	title		  = "{Redes Neurais}",
	subtitle	  = "{Princ\'{i}pios e pr\'{a}tica}",
	publisher 	  = "Bookman",
	edition 	  = "2",
	year 		  = "2008",
	address		  = "Porto Alegre",
}
@BOOK{Oppenheim2010,
	author 		  = "{Alan V. Oppenheim, Ronald W. Schafer}",
	title		  = "{Discrete-Time Signal Processing}",
	publisher 	  = "{Pearson}",
	edition 	  = "3",
	year 		  = "2010",
	address 	  = "New Jersey",
}
@BOOK{SVM2017,
	author={Alexandre Kowalczyk},
	title={Support Vector Machines},
	subtitle={Succinctly},
	year={2017},
	publisher={Syncfusion},
	address={Morrisville, NC},
}
%%Artigo de Revista
@ARTICLE{EOG2006,
	author={A. Schl\"{o}gl ,C. Keinrath ,D. Zimmermann ,R. Scherer ,R. Leeb ,G.Pfurtscheller},
	journal={Clinical Neurophysiology},
	title={A fully automated correction method of EOG artifacts in EEG recordings},
	year={2006},
	month={November},
	volume={118},
	pages={98-104},
}
@ARTICLE{Comparison2008,
	author="{Pawel Herman}",
	journal="{IEEE Transactions on neural systems and rehabilitation}",
	title={Comparative Analysis of Spectral Approaches to Feature Extraction for EEG-Based Motor Imagery Classification},
	year={2008},
	month={August},
	volume={16},
	number={4},
	pages={317-326},
}
@ARTICLE{Comparison,
	author={Vangelis P. Oikonomou, Kostas Georgiadis, George Liaros, Spiros Nikopoulos, Ioannis Kompatsiaris},
	title={A comparison study on EEG signal processing techniques using motor imagery EEG data},
	year={2017},
}
@ARTICLE{BCIFuture,
	author={Mikhail A. Lebedev, Miguel A. L. Nicolelis},
	title={Brain-machine interfaces: past, present and future},
	journal="{TRENDS in Neurosciences}",
	volume={29},
	number={9},
	year={2006},
	month={July},
	pages={536,545},
}

@ARTICLE{EEG2000,
	author={William D. Penny, Stephen J. Roberts, Eleanor A. Curran, Maria J. Stokes},
	title={EEG-Based Communication: A Pattern Recognition Approach},
	journal={IEEE Transaction on Rehabilitation Engineering},
	volume={8},
	number={2},
	month={June},
	year={2000},
	pages={214-215},
}

@ARTICLE{Vidal77,
	title={Real-Time Detection of Brain Events in EEG},
	author={Jacques J. Vidal},
	journal={Proceedings of the IEEE},
	volume={65},
	number={5},
	year={1977},
	month={May},
	pages={633-641},
}

@ARTICLE{MollerSCG,
	title={A Scaled Conjugate Gradient Algorithm For Fast Supervised Learning},
	author={Martin Foldslette M{\o}ller},
	pages={525-533},
	year={1993}, 
	volume={6},
	journal={Neural Networks},
	published={Pergamon Press Ltd.},
	university={University of Aarhus},
	month={Dec},
}
@ARTICLE{Vapnik95,
	title={Support-Vector Networks},
	author={Vladimir Vapnik, Corinna Cortes},
	journal={Machine Learning},
	year={1995},
	volume={20},
	pages={273-297},
	address={AT&T Bell Labs.,Holmdel, NJ,USA},
}
@ARTICLE{10.3389/fnins.2016.00530,
	
	AUTHOR={Blankertz, Benjamin and Acqualagna, Laura and Dähne, Sven and Haufe, Stefan and Schultze-Kraft, Matthias and Sturm, Irene and Ušćumlic, Marija and Wenzel, Markus A. and Curio, Gabriel and Müller, Klaus-Robert},   
	
	TITLE={The Berlin Brain-Computer Interface: Progress Beyond Communication and Control},      
	
	JOURNAL={Frontiers in Neuroscience},      
	
	VOLUME={10},      
	
	PAGES={530},     
	
	YEAR={2016},      
	
	URL={https://www.frontiersin.org/article/10.3389/fnins.2016.00530},       
	
	DOI={10.3389/fnins.2016.00530},      
	
	ISSN={1662-453X},   
	
	ABSTRACT={The combined effect of fundamental results about neurocognitive processes and advancements in decoding mental states from ongoing brain signals has brought forth a whole range of potential neurotechnological applications. In this article, we review our developments in this area and put them into perspective. These examples cover a wide range of maturity levels with respect to their applicability. While we assume we are still a long way away from integrating Brain-Computer Interface (BCI) technology in general interaction with computers, or from implementing neurotechnological measures in safety-critical workplaces, results have already now been obtained involving a BCI as research tool. In this article, we discuss the reasons why, in some of the prospective application domains, considerable effort is still required to make the systems ready to deal with the full complexity of the real world.}
}
@ARTICLE{Qin2004,
	title={Motor imagery classiﬁcation by means of source analysis for brain–computer interface application},
	author={Lei Qin, Lei Ding, Bin He},
	journal={JOURNAL OF NEURAL ENGINEERING},
	year={2004},
	volume={1},
	pages={135-141},
}
@ARTICLE{Rao2010,
	title={BRAIN-COMPUTER INTERFACING},
	author={Rajesh P. N. Rao, Reinhold Scherer},
	year={2010},
}
@ARTICLE{HAL2018,
	author={Fabien Lotte, Chang S. Nam, Anton Nijholt},
	title={Introduction: Evolution of Brain-Computer Interfaces},
	year={2018},
	journal={ Brain-Computer Interfaces Handbook: Technological and Theoretical Advance},
}
%%Manual
@manual{MatlabNN,
	title={Neural Network Toolbox™},
	subtitle={User's Guide},
	author={Mark Hudson Beale, Martin T. Hagan, Howard B. Demuth},
	publisher={Mathworks},
	year={2017},
	address={Natick, MA},
}
%%Link
@misc{BCI2000,
	author={BCI2000},
	year={2018},
	title = {Introduction to the Mu Rhythm},
	urlaccessdate={29 jul. 2018},
	URL = {https://www.bci2000.org/mediawiki/index.php/User_Tutorial:Introduction_to_the_Mu_Rhythm},
}
@misc{GrazBData,
	title={BCI Competition 2008 – Graz data set B},
	author={R. Leeb,C. Brunner, G. R. M\"{u}ller-Putz, A. Schl\"{o}gl, G. Pfurtscheller},
	year={2008},
	URL={http://www.bbci.de/competition/iv/desc_2b.pdf},
}
@MISC{PWelch,
author={Otis M. Solomon Jr.},
title={PSD Computations Using Welch's Method},
journal={Sandia Report},
year={1991},
}
@misc{nigam2020, title={Understanding Neural Networks. From neuron to RNN, CNN, and Deep Learning}, url={https://towardsdatascience.com/understanding-neural-networks-from-neuron-to-rnn-cnn-and-deep-learning-cd88e90e0a90}, journal={Medium}, publisher={Towards Data Science}, author={Nigam, Vibhor}, year={2020}, month={Feb}}